@article{dijkstra1959,
  author="Edsger Wybe Dijkstra",
  title="A note on two problems in connexion with graphs",
  journal="Numerische Mathematik",
  year="1959",
  volume="1",
  number="1",
  pages="269-271",
  doi="10.1007/BF01386390",
}

@article{duque2011b,
  author = {Duque, Juan C. and Anselin, Luc and Rey, Sergio J.},
  title = {The Max-$p$-Regions Problem},
  journal = {Journal of Regional Science},
  volume = {52},
  number = {3},
  publisher = {Blackwell Publishing Inc},
  pages = {397--419},
  year = {2012},
  doi = {10.1111/j.1467-9787.2011.00743.x},
}

