@article{Wo_niak_2022,
	doi = {10.1016/j.eswa.2022.117798},
	url = {https://doi.org/10.1016%2Fj.eswa.2022.117798},
	year = 2022,
	month = {nov},
	publisher = {Elsevier {BV}},
	volume = {207},
	pages = {117798},
	author = {Marcin Wo{\'{z}}niak and Adam Zielonka and Andrzej Sikora},
	title = {Driving support by type-2 fuzzy logic control model},
	journal = {Expert Systems with Applications}
}