@inproceedings{broder1989generating,
  title={Generating random spanning trees},
  author={Broder, Andrei Z},
  booktitle={FOCS},
  volume={89},
  pages={442--447},
  year={1989},
  organization={Citeseer}
}

@article{chaiken1978matrix,
  title={Matrix tree theorems},
  author={Chaiken, Seth and Kleitman, Daniel J},
  journal={Journal of combinatorial theory, Series A},
  volume={24},
  number={3},
  pages={377--381},
  year={1978},
  publisher={Academic Press}
}

@article{Akkouchi2008,
  title={On the convolution of exponential distributions},
  author={Akkouchi, Mohamed},
  journal={J. Chungcheong Math. Soc},
  volume={21},
  number={4},
  pages={501--510},
  year={2008}
}

@article{Legros2015,
  title={A linear algebraic approach for the computation of sums of Erlang random variables},
  author={Legros, Benjamin and Jouini, Oualid},
  journal={Applied Mathematical Modelling},
  volume={39},
  number={16},
  pages={4971--4977},
  year={2015},
  publisher={Elsevier}
}

@article{Smaili2013,
  title={Hypoexponential distribution with different parameters},
  author={Smaili, Khaled and Kadri, Therrar and Kadry, Seifedine},
  year={2013},
  publisher={Scientific Research Publishing}
}

@article{Favaro2010,
  title={On the distribution of sums of independent exponential random variables via Wilksâ€™ integral representation},
  author={Favaro, Stefano and Walker, Stephen G},
  journal={Acta applicandae mathematicae},
  volume={109},
  number={3},
  pages={1035--1042},
  year={2010},
  publisher={Springer}
}

@article{Raghunandanan,
  title={A note on the distribution of sojourn time in a Markov chain},
  author={Raghunandanan, K},
  journal={Trabajos de estadistica y de investigacion operativa},
  volume={20},
  number={2-3},
  pages={199--210},
  year={1969},
  publisher={Springer}
}